@techreport{ecmascript,
	type = {Standard},
	key = {ISO/IEC 16262:2018},
	month = jun,
	year = {2018},
	title = {{ECMAScript} 2018 Language Specification},
	institution = {International Organization for Standardization},
	url = {http://www.ecma-international.org/ecma-262/9.0/index.html}
}

@inproceedings{javaapi,
	author = {Davide Ancona and Francesco Dagnino and Luca Franceschini},
	title = {A Formalism for Specification of Java API Interfaces},
	booktitle = {Proocedings of the 20th Workshop on Formal Techniques for Java-like Programs},
	year = {2018},
	url = {https://pdfs.semanticscholar.org/8a6d/0e6ebceee095c842635fa09b104de1f835fe.pdf}
}

@inproceedings{towardsrv2,
	author = {Maurizio Leotta and Davide Ancona and Luca Franceschini and Dario Olianas and Marina Ribaudo and Filippo Ricca},
	title = {Towards a Runtime Verification Approach for Internet of Things Systems},
	booktitle = {Proceedings of the 2nd International Workshop on Engineering the Web of Things},
	year = {2018},
	url = {http://sisinflab.poliba.it/EnWoT/2018/camera_ready/EnWoT_2018_paper_5.pdf}
}

@inproceedings{towardsrv,
	author    = {Davide Ancona and
				Luca Franceschini and
				Giorgio Delzanno and
				Maurizio Leotta and
				Marina Ribaudo and
				Filippo Ricca},
	title     = {Towards Runtime Monitoring of {Node.js} and Its Application to the Internet of Things},
	booktitle = {Proceedings of the 1st Workshop on Architectures, Languages and Paradigms for IoT},
	pages     = {27--42},
	year      = {2017},
	doi       = {10.4204/EPTCS.264.4}
}

@inproceedings{parametric,
	author = {Ancona, Davide and Ferrando, Angelo and Mascardi, Viviana},
	title = {Parametric Runtime Verification of Multiagent Systems},
	booktitle = {Proceedings of the 16th Conference on Autonomous Agents and Multiagent Systems},
	year = {2017},
	location = {S\&\#227;o Paulo, Brazil},
	pages = {1457--1459},
	numpages = {3},
	url = {http://dl.acm.org/citation.cfm?id=3091282.3091328}
} 

@inproceedings{rvjava,
	author = {Ancona, Davide and Ferrando, Angelo and Franceschini, Luca and Mascardi, Viviana},
	title = {Parametric Trace Expressions for Runtime Verification of {Java}-Like Programs},
	booktitle = {Proceedings of the 19th Workshop on Formal Techniques for {Java}-like Programs},
	year = {2017},
	location = {Barcelona, Spain},
	pages = {10:1--10:6},
	articleno = {10},
	numpages = {6},
	doi = {10.1145/3103111.3104037}
} 

@Inbook{texp,
	author="Ancona, Davide
	and Ferrando, Angelo
	and Mascardi, Viviana",
	editor="{\'A}brah{\'a}m, Erika
	and Bonsangue, Marcello
	and Johnsen, Einar Broch",
	title="Comparing Trace Expressions and Linear Temporal Logic for Runtime Verification",
	bookTitle="Theory and Practice of Formal Methods: Essays Dedicated to Frank de Boer on the Occasion of His 60th Birthday",
	year="2016",
	publisher="Springer International Publishing",
	pages="47--64",
	doi="10.1007/978-3-319-30734-3_6",
}

@inproceedings{jalangi,
	author = {Sen, Koushik and Kalasapur, Swaroop and Brutch, Tasneem and Gibbs, Simon},
	title = {Jalangi: A Selective Record-replay and Dynamic Analysis Framework for JavaScript},
	booktitle = {Proceedings of the 2013 9th Joint Meeting on Foundations of Software Engineering},
	series = {ESEC/FSE 2013},
	year = {2013},
	pages = {488--498},
	numpages = {11},
	doi = {10.1145/2491411.2491447},
	acmid = {2491447},
	publisher = {ACM},
	keywords = {Concolic Testing, Dynamic Analysis, JavaScript, Record and Repla}
}

@book{antlr,
  title={The definitive {ANTLR} 4 reference},
  author={Parr, Terence},
  year={2013},
  publisher={Pragmatic Bookshelf}
}

@article{swiprolog,
	title={SWI-Prolog},
	volume={12},
	DOI={10.1017/S1471068411000494},
	number={1-2},
	journal={Theory and Practice of Logic Programming},
	publisher={Cambridge University Press},
	author={Wielemaker, Jan and Schrijvers, Tom and Triska, Markus and Lager, Torbj{\"o}rn},
	year={2012},
	pages={67--96}
}

@techreport{websocket,
  title={The websocket protocol},
  author={Fette, Ian and Melnikov, Alexey},
  year={2011}
}

@article{rv,
	title = "A brief account of runtime verification",
	journal = "The Journal of Logic and Algebraic Programming",
	volume = "78",
	number = "5",
	pages = "293 - 303",
	year = "2009",
	note = "The 1st Workshop on Formal Languages and Analysis of Contract-Oriented Software ({FLACOS'07})",
	doi = "https://doi.org/10.1016/j.jlap.2008.08.004",
	author = "Martin Leucker and Christian Schallhart",
	keywords = "Verification, Testing, Monitoring, Assertion checking"
}